@misc{net9-linux,
  author       = {SAST-skill-docers},
  title        = {Linux 入门},
  year         = {2023},
  url          = {https://docs.net9.org/basic/linux/},
  howpublished = {\url{https://docs.net9.org/basic/linux/}}
}
@misc{net9-git,
  author       = {SAST-skill-docers},
  title        = {Git 入门},
  year         = {2023},
  url          = {https://docs.net9.org/basic/git/},
  howpublished = {\url{https://docs.net9.org/basic/git/}}
}
@misc{sast2022-linux,
  author       = {c7w},
  title        = {{SAST\,2022 Summer Training, CTF | A Warmup for Linux}},
  year         = {2022},
  url          = {https://github.com/c7w/sast2022-linux-training/blob/master/Linux.pdf},
  howpublished = {\url{https://github.com/c7w/sast2022-linux-training/blob/master/Linux.pdf}}
}
@misc{man-man,
  author       = {Linux manual page},
  title        = {man(1)},
  url          = {https://man7.org/linux/man-pages/man1/man.1.html},
  howpublished = {\url{https://man7.org/linux/man-pages/man1/man.1.html}}
}
@misc{lbwvssl,
  author       = {刘轩奇},
  title        = {{Linux Basics with Vim, SSH and Shell Language}},
  year         = {2021.11},
  url          = {https://cloud.tsinghua.edu.cn/d/08c22202c3f24cb6abb3/files/?p=/03_Linux_Basics/03_%E8%AF%BE%E4%BB%B6.pptx},
  howpublished = {\url{https://cloud.tsinghua.edu.cn/d/08c22202c3f24cb6abb3/files/?p=/03_Linux_Basics/03_%E8%AF%BE%E4%BB%B6.pptx}}
}
@misc{sast2021-git,
  author       = {高宇睿},
  title        = {Git 课前准备},
  year         = {2021.7},
  url          = {https://cloud.tsinghua.edu.cn/d/276d435f204c429c9432/files/?p=/07-14%20Git/07-14-Git-%E8%AF%BE%E5%89%8D%E5%87%86%E5%A4%87.pdf},
  howpublished = {\url{https://cloud.tsinghua.edu.cn/d/276d435f204c429c9432/files/?p=/07-14%20Git/07-14-Git-%E8%AF%BE%E5%89%8D%E5%87%86%E5%A4%87.pdf}}
}
@misc{sast2021-git-2,
  author       = {陈拓},
  title        = {Git 使用教程},
  year         = {2021.11},
  url          = {https://cloud.tsinghua.edu.cn/d/08c22202c3f24cb6abb3/files/?p=/04_Git/git_instruction.pdf},
  howpublished = {\url{https://cloud.tsinghua.edu.cn/d/08c22202c3f24cb6abb3/files/?p=/04_Git/git_instruction.pdf}}
}
